<?xml version="1.0" encoding="UTF-8"?><collection xmlns="http://www.loc.gov/MARC21/slim"><record><leader>00326nam--2200121-i-4500</leader><controlfield tag="001">000034515</controlfield><controlfield tag="002">20161230</controlfield><controlfield tag="005">20161230201040</controlfield><controlfield tag="008">060222s1000------------r-----000-0-eng-d</controlfield><datafield ind1=" " ind2=" " tag="080"><subfield code="a">712.001.13(083.13)</subfield></datafield><datafield ind1=" " ind2=" " tag="245"><subfield code="a">Normativ pentru proiectarea spatiilor plantate in orase</subfield></datafield><datafield ind1=" " ind2=" " tag="260"><subfield code="a">Bucuresti, Ed.Tehnica, 1956, 77p</subfield></datafield><datafield ind1=" " ind2=" " tag="852"><subfield code="a">5309</subfield></datafield></record></collection>